@MANUAL{pwr,
  title = {{pwr: Basic Functions for Power Analysis}},
  author = {Stephane Champely},
  year = {2015},
  note = {R package version 1.1-3},
  url = {https://CRAN.R-project.org/package=pwr}
}

@article{Csibra,
  author = {Csibra, Gergely and Hernik, Miko{\l}aj and Mascaro, Olivier and Tatone,
	Denis and Lengyel, M{\'a}t{\'e}},
  title = {Statistical treatment of looking-time data},
  journal = {Developmental Psychology},
  year = {2016},
  volume = {52},
  pages = {521--536},
  number = {4},
  publisher = {American Psychological Association}, 
  DOI = {10.1037/dev0000083}
}

 @Manual{R,
    title = {R: A Language and Environment for Statistical Computing},
    author = {{R Core Team}},
    organization = {R Foundation for Statistical Computing},
    address = {Vienna, Austria},
    year = {2018},
    url = {https://www.R-project.org/},
  }
  
    @Article{metafor,
    title = {Conducting meta-analyses in {R} with the {metafor} package},
    author = {Wolfgang Viechtbauer},
    journal = {Journal of Statistical Software},
    year = {2010},
    volume = {36},
    number = {3},
    pages = {1--48},
    url = {http://www.jstatsoft.org/v36/i03/},
  }

@article{Tsuji2014,
  author = {Sho Tsuji and Christina Bergmann and Alejandrina Cristia},
  title = {Community-Augmented Meta-Analyses: {T}oward Cumulative Data Assessment},
  journal = {Psychological Science},
  year = {2014},
  volume = {9},
  pages = {661--665},
  number = {6},
  DOI = {10.1177/1745691614552498}
}


@article{pcurve,
  title={P-curve: {A} key to the file-drawer},
  author={Simonsohn, Uri and Nelson, Leif D and Simmons, Joseph P.},
  journal={Journal of Experimental Psychology: General},
  volume={143},
  number={2},
  pages={534--547},
  year={2014},
  publisher={American Psychological Association}, 
  DOI = {10.1037/a0033242}
}


@book{cohen,
  title={Statistical power analysis for the behavioural sciences},
  author={Cohen, Jacob},
  publisher={NJ: Lawrence Earlbaum Associates},
  year={1988}
}


@article{oakes2017power,
author = {Oakes, Lisa M.},
title = {Sample Size, Statistical Power, and False Conclusions in Infant Looking-Time Research},
journal = {Infancy},
volume = {22},
number = {4},
doi = {10.1111/infa.12186},
pages = {436--469},
year = {2017}
}



@article{morris2002combining,
  title={Combining effect size estimates in meta-analysis with repeated measures and independent-groups designs},
  author={Morris, Scott B and DeShon, Richard P},
  journal={Psychological Methods},
  volume={7},
  number={1},
  pages={105--125},
  year={2002},
  publisher={American Psychological Association}, 
  DOI = {10.1037/1082-989X.7.1.105}
}

@book{Lipsey,
  title={Practical meta-analysis},
  author={Mark W Lipsey and David B Wilson},
  volume={49},
  year={2001},
  publisher={Sage publications Thousand Oaks, CA}
}

@article{dunlap1996meta,
  title={Meta-analysis of experiments with matched groups or repeated measures designs},
  author={Dunlap, William P and Cortina, Jose M and Vaslow, Joel B and Burke, Michael J},
  year={1996},
  journal = {Psychological Methods},
  volume=1,
  number = 2, 
  pages={170--177},
  publisher={American Psychological Association}, 
  DOI = {10.1037/1082-989X.1.2.170}
}

@book{howell2012statistical,
  title={Statistical methods for psychology},
  author={Howell, David C},
  year={2012}
}